@article{thomas1992bugs,
  title={BUGS: A program to perform Bayesian inference using Gibbs sampling},
  author={Thomas, Andrew and Spiegelhalter, David J and Gilks, WR},
  journal={Bayesian statistics},
  volume={4},
  number={9},
  pages={837--842},
  year={1992}
}
@article{gilks1994language,
  title={A language and program for complex Bayesian modelling},
  author={Gilks, Wally R and Thomas, Andrew and Spiegelhalter, David J},
  journal={The Statistician},
  pages={169--177},
  year={1994},
  publisher={JSTOR}
}
@article{lunn2009bugs,
  title={The BUGS project: evolution, critique and future directions},
  author={Lunn, David and Spiegelhalter, David and Thomas, Andrew and Best, Nicky},
  journal={Statistics in medicine},
  volume={28},
  number={25},
  pages={3049--3067},
  year={2009},
  publisher={Wiley Online Library}
}
@inproceedings{plummer2003jags,
  title={JAGS: A program for analysis of Bayesian graphical models using Gibbs sampling},
  author={Plummer, Martyn and others},
  booktitle={Proceedings of the 3rd international workshop on distributed statistical computing},
  volume={124},
  pages={125},
  year={2003},
  organization={Vienna, Austria}
}


@misc{InferNET14, 
  author = "Minka, T. and Winn, J.M. and Guiver, J.P. and Webster,
                  S. and Zaykov, Y. and Yangel, B. and Spengler,
                  A. and Bronskill, J.",
  title = {{Infer.NET 2.6}},
  year  = 2014,
  note  = {Microsoft Research Cambridge. http://research.microsoft.com/infernet}
}

@article{carpenter2016stan,
  title={Stan: A probabilistic programming language},
  author={Carpenter, Bob and Gelman, Andrew and Hoffman, Matt and Lee,
                  Daniel and Goodrich, Ben and Betancourt, Michael and
                  Brubaker, Michael A and Guo, Jiqiang and Li, Peter
                  and Riddell, Allen},
  journal={Journal of Statistical Software},
  volume={20},
  pages={1--37},
  year={2016}
}
@misc{t2015stan,
  title={Stan Modeling Language: Userâ€™s Guide and Reference Manual},
  author={TEAM, STAN DEVELOPMENT},
  year={2015},
  publisher={Version}
}

@article{patil2010pymc,
  title={PyMC: Bayesian stochastic modelling in Python},
  author={Patil, Anand and Huard, David and Fonnesbeck, Christopher J},
  journal={Journal of statistical software},
  volume={35},
  number={4},
  pages={1},
  year={2010},
  publisher={Europe PMC Funders}
}
@article{salvatier2016pymc3,
  title={Probabilistic programming in Python using PyMC3},
  author={Salvatier, John and Wiecki, Thomas V and Fonnesbeck, Christopher},
  journal={PeerJ Computer Science},
  volume={2},
  pages={e55},
  year={2016},
  publisher={PeerJ Inc.}
}
@article{goodman2012church,
  title={Church: a language for generative models},
  author={Goodman, Noah and Mansinghka, Vikash and Roy, Daniel M and Bonawitz, Keith and Tenenbaum, Joshua B},
  journal={arXiv preprint arXiv:1206.3255},
  year={2012}
}
@article{Caldwell:2008fw,
      author         = "Caldwell, Allen and Kollar, Daniel and Kroninger, Kevin",
      title          = "{BAT: The Bayesian Analysis Toolkit}",
      journal        = "Comput. Phys. Commun.",
      volume         = "180",
      year           = "2009",
      pages          = "2197-2209",
      doi            = "10.1016/j.cpc.2009.06.026",
      eprint         = "0808.2552",
      archivePrefix  = "arXiv",
      primaryClass   = "physics.data-an",
      SLACcitation   = "%%CITATION = ARXIV:0808.2552;%%"
}


@article{spiegelhalter2002bayesian,
  title={Bayesian measures of model complexity and fit},
  author={Spiegelhalter, David J and Best, Nicola G and Carlin, Bradley P and Van Der Linde, Angelika},
  journal={Journal of the Royal Statistical Society: Series B (Statistical Methodology)},
  volume={64},
  number={4},
  pages={583--639},
  year={2002},
  publisher={Wiley Online Library}
}
@inproceedings{minka2001expectation,
  title={Expectation propagation for approximate Bayesian inference},
  author={Minka, Thomas P},
  booktitle={Proceedings of the Seventeenth conference on Uncertainty in artificial intelligence},
  pages={362--369},
  year={2001},
  organization={Morgan Kaufmann Publishers Inc.}
}
@article{winn2005variational,
  title={Variational message passing},
  author={Winn, John and Bishop, Christopher M},
  journal={Journal of Machine Learning Research},
  volume={6},
  number={Apr},
  pages={661--694},
  year={2005}
}
@article{tolpin2016anglican,
  title = {Design and Implementation of Probabilistic Programming Language Anglican},
  author = {Tolpin, David and van de Meent, Jan Willem and Yang, Hongseok and Wood, Frank},
  journal = {arXiv preprint arXiv:1608.05263},
  year = {2016}
}

