@inproceedings{bergstra2010theano,
  title={Theano: A CPU and GPU math compiler in Python},
  author={Bergstra, James and Breuleux, Olivier and Bastien,
                  Fr{\'e}d{\'e}ric and Lamblin, Pascal and Pascanu,
                  Razvan and Desjardins, Guillaume and Turian, Joseph
                  and Warde-Farley, David and Bengio, Yoshua},
  booktitle={Proc. 9th Python in Science Conf},
  pages={1--7},
  year={2010}
}
@misc{arXiv1211.5590,
  Title = {Theano: new features and speed improvements},
  Author = {Frédéric Bastien and Pascal Lamblin and Razvan Pascanu and
                  James Bergstra and Ian Goodfellow and Arnaud
                  Bergeron and Nicolas Bouchard and David Warde-Farley
                  and Yoshua Bengio},
  Year = {2012},
  Eprint = {arXiv:1211.5590},
}