@article{metropolis1953equation,
  title={Equation of state calculations by fast computing machines},
  author={Metropolis, Nicholas and Rosenbluth, Arianna W and
                  Rosenbluth, Marshall N and Teller, Augusta H and
                  Teller, Edward},
  journal={The journal of chemical physics},
  volume={21},
  number={6},
  pages={1087--1092},
  year={1953},
  publisher={AIP}
}
@article{hastings1970monte,
  title={Monte Carlo sampling methods using Markov chains and their applications},
  author={Hastings, W Keith},
  journal={Biometrika},
  volume={57},
  number={1},
  pages={97--109},
  year={1970},
  publisher={Biometrika Trust}
}
@article{gelfand1990sampling,
  title={Sampling-based approaches to calculating marginal densities},
  author={Gelfand, Alan E and Smith, Adrian FM},
  journal={Journal of the American statistical association},
  volume={85},
  number={410},
  pages={398--409},
  year={1990},
  publisher={Taylor \& Francis Group}
}


@article{duane1987hybrid,
  title={Hybrid monte carlo},
  author={Duane, Simon and Kennedy, Anthony D and Pendleton, Brian J and Roweth, Duncan},
  journal={Physics letters B},
  volume={195},
  number={2},
  pages={216--222},
  year={1987},
  publisher={Elsevier}
}
@article{roberts1997weak,
  title={Weak convergence and optimal scaling of random walk Metropolis algorithms},
  author={Roberts, Gareth O and Gelman, Andrew and Gilks, Walter R and others},
  journal={The annals of applied probability},
  volume={7},
  number={1},
  pages={110--120},
  year={1997},
  publisher={Institute of Mathematical Statistics}
}
@article{neal1997markov,
  title={Markov chain Monte Carlo methods based onslicing'the density function},
  author={Neal, Radford M},
  journal={Preprint},
  year={1997}
}
@article{hoffman2014NUTS,
  title={The No-U-turn sampler: adaptively setting path lengths in Hamiltonian Monte Carlo.},
  author={Hoffman, Matthew D and Gelman, Andrew},
  journal={Journal of Machine Learning Research},
  volume={15},
  number={1},
  pages={1593--1623},
  year={2014}
}
